%% This BibTeX bibliography file was created using BibDesk.
%% http://bibdesk.sourceforge.net/


%% Created for SERGIO BARAJAS URIBE at 2015-01-17 20:01:59 -0600 


%% Saved with string encoding Unicode (UTF-8) 



@webpage{moviles,
	Date-Added = {2015-01-18 01:57:45 +0000},
	Date-Modified = {2015-01-18 02:01:22 +0000},
	Keywords = {M{\'o}viles, Sistemas Operativos, Mercado},
	Lastchecked = {11/07/2014},
	Month = {Marzo},
	Title = {Ipadizate},
	Url = {http://www.ipadizate.es/2014/03/12/iphone-lidera-mercado-smartphones-eeuu-85564/},
	Urldate = {Marzo, 2014},
	Year = {2014}}

@electronic{endutih,
	Date-Added = {2015-01-17 23:57:45 +0000},
	Date-Modified = {2015-01-18 02:01:53 +0000},
	Keywords = {Estad{\'\i}stica, TI},
	Lastchecked = {15/02/14},
	Title = {INEGI. Estad{\'\i}sticas sobre disponibilidad y uso de tecnolog{\'\i}a de informaci{\'o}n y comunicaciones en los hogares},
	Url = {http://www.inegi.org.mx/prod_serv/contenidos/espanol/bvinegi/productos/ encuestas/especiales/endutih/endutih2012.pdf},
	Urldate = {2012}}

@url{appsViajar,
	Author = {Juan Manuel Garc{\'\i}a Campos},
	Date-Added = {2015-01-17 22:30:12 +0000},
	Date-Modified = {2015-01-17 22:36:52 +0000},
	Keywords = {Viajes, Aplicaciones M{\'o}viles, Estilos de Vida},
	Lastchecked = {03/02/14},
	Month = {Junio},
	Rating = {1},
	Read = {0},
	Title = {'APPS' para viajar},
	Url = {http://www.lavanguardia.com/estilos-de-vida/20130619/54376778827/apps-para-viajar.html},
	Year = {2013}}
