%% This BibTeX bibliography file was created using BibDesk.
%% http://bibdesk.sourceforge.net/


%% Created for SERGIO BARAJAS URIBE at 2015-01-24 23:08:56 -0600 


%% Saved with string encoding Unicode (UTF-8) 



@webpage{salarios,
	Date-Added = {2015-01-25 05:07:35 +0000},
	Date-Modified = {2015-01-25 05:08:56 +0000},
	Institution = {PagePerssonel},
	Title = {Estudios de remuneraci{\'o}n 2013 - 2014},
	Url = {http://www.pagepersonnel.com.mx/productsApp_ppmx/estudios_de_remuneracion/sp/00img/er_mexico.pdf},
	Year = {2014}}

@url{apiIndoorAtlas,
	Date-Added = {2015-01-25 04:26:48 +0000},
	Date-Modified = {2015-01-25 04:28:58 +0000},
	Keywords = {Campo Magn{\'e}tico, Indoor Location, API, Aplicaciones M{\'o}viles},
	Month = {Abril},
	Title = {IndoorAtlas Introduces Industry's First Geomagnetic-Based Indoor Mapping App for iOS | reuters},
	Url = {http://uk.reuters.com/article/2014/04/24/idUKnMKWjD8bya+1d0+MKW20140424},
	Year = {2014}}

@webpage{apiGoogleMaps,
	Date-Added = {2015-01-25 03:50:57 +0000},
	Date-Modified = {2015-01-25 03:53:51 +0000},
	Keywords = {Rutas, Google, API},
	Month = {Enero},
	Title = {El API de rutas de Google - Servicios web del API de Google Maps - Google Developers},
	Url = {https://developers.google.com/maps/documentation/directions/?hl=es},
	Year = {2013}}

@webpage{starUML,
	Date-Added = {2015-01-19 15:34:42 +0000},
	Date-Modified = {2015-01-19 15:36:40 +0000},
	Lastchecked = {2014},
	Title = {StarUML},
	Url = {http://staruml.io},
	Year = {2005},
	Bdsk-Url-1 = {http://staruml.io}}

@electronic{devAndroid,
	Date-Added = {2015-01-19 03:43:52 +0000},
	Date-Modified = {2015-01-19 03:45:03 +0000},
	Lastchecked = {2014},
	Month = {Agosto},
	Title = {Developers Android},
	Url = {http://developer.android.com/about/dashboards/index.html},
	Year = {2014},
	Bdsk-Url-1 = {http://developer.android.com/about/dashboards/index.html}}

@article{desDispositivos,
	Author = {Robert Ram{\'\i}rez Vique},
	Date-Added = {2015-01-18 21:58:30 +0000},
	Date-Modified = {2015-01-18 22:00:42 +0000},
	Journal = {Universitat Oberta de Catalunya},
	Title = {M{\'e}todos para el desarrollo de aplicaciones m{\'o}viles}}

@jurthesis{MobileD,
	Address = {Quito},
	Author = {Fernando Dur{\'a}n Lasso},
	Date-Added = {2015-01-18 21:49:35 +0000},
	Date-Modified = {2015-01-18 21:56:36 +0000},
	Month = {Julio},
	School = {Escuela Polit{\'e}cnica Nacional},
	Title = {Desarrollo de un sistema de informaci{\'o}n para el campeonato ecuatoriano de f{\'u}tbol primera A para plataforma iPhone},
	Year = {2013}}

@unpublished{presentacionAndroid,
	Author = {M. en C. Jos{\'e} Asunci{\'o}n Enr{\'\i}quez Z{\'a}rate},
	Date-Added = {2015-01-18 20:57:22 +0000},
	Date-Modified = {2015-01-18 20:59:19 +0000},
	Note = {Curso de Introducci{\'o}n a Android},
	Title = {Introducci{\'o}n a la Programaci{\'o}n Android}}

@book{Android,
	Author = {Manuel B{\'a}ez},
	Date-Added = {2015-01-18 19:38:07 +0000},
	Date-Modified = {2015-01-18 20:25:45 +0000},
	Editor = {E.M.E.},
	Publisher = {Victoria L{\'o}pez y Grupo Tecnolog{\'\i}a UCM},
	Title = {Introducci{\'o}n a Android}}

@webpage{GPS,
	Date-Added = {2015-01-18 17:26:01 +0000},
	Date-Modified = {2015-01-18 17:28:08 +0000},
	Lastchecked = {18/09/14},
	Title = {Que es el GPS y como funciona},
	Url = {http://www.informatica-hoy.com.ar/aprender-informatica/Que-es-el-GPS-y-como-funciona.php},
	Year = {2009},
	Bdsk-Url-1 = {http://www.informatica-hoy.com.ar/aprender-informatica/Que-es-el-GPS-y-como-funciona.php}}

@webpage{ubicuo,
	Date-Added = {2015-01-18 16:58:33 +0000},
	Date-Modified = {2015-01-18 17:04:20 +0000},
	Lastchecked = {18/09/14},
	Month = {Abril},
	Title = {Future ubiquitous computing},
	Url = {http://www.thethinkingblog.com/2007/07/future-ubiquitous-computing.html},
	Year = {14},
	Bdsk-Url-1 = {http://www.thethinkingblog.com/2007/07/future-ubiquitous-computing.html}}

@url{tiposApps,
	Author = {Mariana Quintanilla},
	Date-Added = {2015-01-18 16:36:05 +0000},
	Date-Modified = {2015-01-18 16:38:07 +0000},
	Lastchecked = {18/09/14},
	Month = {Julio},
	Title = {Â¿Qu{\'e} son y para que sirven las aplicaciones m{\'o}viles? | dosbytes dise{\~n}o web blog},
	Url = {http://blog.dosbytes.com.mx/2013/07/03/que-son-y-para-que-sirven-las-aplicaciones-moviles/},
	Urldate = {Julio 3, 2013},
	Year = {2013},
	Bdsk-Url-1 = {http://blog.dosbytes.com.mx/2013/07/03/que-son-y-para-que-sirven-las-aplicaciones-moviles/}}

@webpage{queParaApps,
	Author = {Cory Janssen},
	Date-Added = {2015-01-18 16:32:31 +0000},
	Date-Modified = {2015-01-18 16:35:41 +0000},
	Lastchecked = {18/09/14},
	Title = {What is a Mobile Application - Definition from Techopedia},
	Url = {http://www.techopedia.com/definition/2953/mobile-application-mobile-app},
	Bdsk-Url-1 = {http://www.techopedia.com/definition/2953/mobile-application-mobile-app}}

@article{usoCampoMagnetico,
	Author = {Carlos Eric Galv{\'a}n Tejada, Juan Pablo Garc{\'\i}a V{\'a}zquez, Jorge Issac Galv{\'a}n Tejada},
	Date-Added = {2015-01-18 14:41:50 +0000},
	Date-Modified = {2015-01-18 14:47:55 +0000},
	Journal = {DIFU100ci@},
	Keywords = {Campo Magn{\'e}tico, Localizaci{\'o}n en Interiores, Dispositivos M{\'o}viles.},
	Month = {Mayo-Agosto},
	Number = {1},
	Pages = {32-36},
	Title = {Uso del campo magn{\'e}tico de la tierra para localizar a las personas en interiores},
	Volume = {7},
	Year = {2013}}

@article{ILS,
	Author = {Ra{\'u}l S{\'a}nchez V{\'\i}tores},
	Date-Added = {2015-01-18 14:29:09 +0000},
	Date-Modified = {2015-01-18 14:46:19 +0000},
	Journal = {Bit},
	Month = {Enero},
	Number = {148},
	Pages = {57-59},
	Title = {ILS (Indoor Location Systems) Sistemas de Localizaci{\'o}n en Interiores},
	Year = {2005}}

@webpage{tripit,
	Date-Added = {2015-01-18 14:10:09 +0000},
	Date-Modified = {2015-01-18 14:28:15 +0000},
	Keywords = {Informaci{\'o}n de vuelos, Itinerario},
	Lastchecked = {18/09/14},
	Title = {TripIt - Travel Itinerary - Trip Planner},
	Url = {https://www.tripit.com},
	Bdsk-Url-1 = {https://www.tripit.com}}

@webpage{kayak,
	Date-Added = {2015-01-18 14:06:19 +0000},
	Date-Modified = {2015-01-18 14:10:05 +0000},
	Keywords = {Informaci{\'o}n para Viajes},
	Lastchecked = {18/09/14},
	Title = {KAYAK en dispositivos m{\'o}viles - KAYAK},
	Url = {http://www.kayak.es/mobile},
	Bdsk-Url-1 = {http://www.kayak.es/mobile}}

@webpage{gateguru,
	Author = {TripAdvisor LLC},
	Date-Added = {2015-01-18 14:01:41 +0000},
	Date-Modified = {2015-01-18 14:06:16 +0000},
	Keywords = {Itinerario, Informaci{\'o}n Aeropuerto, Renta de Coches, Estad{\'\i}sticas de Viajes},
	Lastchecked = {18/09/14},
	Title = {GateGuru},
	Url = {http://gateguruapp.com},
	Year = {2009},
	Bdsk-Url-1 = {http://gateguruapp.com}}

@webpage{meridian,
	Date-Added = {2015-01-18 13:56:01 +0000},
	Date-Modified = {2015-01-18 14:01:36 +0000},
	Keywords = {Indoor Location},
	Lastchecked = {18/09/14},
	Title = {Meridian | Build a better mobile app},
	Url = {http://meridianapps.com},
	Bdsk-Url-1 = {http://meridianapps.com}}

@webpage{crux,
	Author = {South Mobile},
	Date-Added = {2015-01-18 13:51:41 +0000},
	Date-Modified = {2015-01-18 13:55:32 +0000},
	Keywords = {Localizaci{\'o}n en Interiores, Viajes},
	Lastchecked = {18/09/14},
	Month = {Julio},
	Title = {Crux Indoor Location by South Mobile (US) - Sensor Tower - App Marketing and Mobile SEO Keyword Optimization for iPhone and iPad},
	Url = {https://sensortower.com/android/us/south-mobile/app/crux-indoor-location/com.sm.crux},
	Urldate = {Julio, 2012},
	Year = {2012},
	Bdsk-Url-1 = {https://sensortower.com/android/us/south-mobile/app/crux-indoor-location/com.sm.crux}}

@webpage{moviles,
	Date-Added = {2015-01-18 01:57:45 +0000},
	Date-Modified = {2015-01-18 02:01:22 +0000},
	Keywords = {M{\'o}viles, Sistemas Operativos, Mercado},
	Lastchecked = {11/07/2014},
	Month = {Marzo},
	Title = {Ipadizate},
	Url = {http://www.ipadizate.es/2014/03/12/iphone-lidera-mercado-smartphones-eeuu-85564/},
	Urldate = {Marzo, 2014},
	Year = {2014},
	Bdsk-Url-1 = {http://www.ipadizate.es/2014/03/12/iphone-lidera-mercado-smartphones-eeuu-85564/}}

@electronic{endutih,
	Date-Added = {2015-01-17 23:57:45 +0000},
	Date-Modified = {2015-01-18 02:01:53 +0000},
	Keywords = {Estad{\'\i}stica, TI},
	Lastchecked = {15/02/14},
	Title = {INEGI. Estad{\'\i}sticas sobre disponibilidad y uso de tecnolog{\'\i}a de informaci{\'o}n y comunicaciones en los hogares},
	Url = {http://www.inegi.org.mx/prod_serv/contenidos/espanol/bvinegi/productos/ encuestas/especiales/endutih/endutih2012.pdf},
	Urldate = {2012},
	Bdsk-Url-1 = {http://www.inegi.org.mx/prod_serv/contenidos/espanol/bvinegi/productos/%20encuestas/especiales/endutih/endutih2012.pdf}}

@url{appsViajar,
	Author = {Juan Manuel Garc{\'\i}a Campos},
	Date-Added = {2015-01-17 22:30:12 +0000},
	Date-Modified = {2015-01-17 22:36:52 +0000},
	Keywords = {Viajes, Aplicaciones M{\'o}viles, Estilos de Vida},
	Lastchecked = {03/02/14},
	Month = {Junio},
	Rating = {1},
	Read = {0},
	Title = {'APPS' para viajar},
	Url = {http://www.lavanguardia.com/estilos-de-vida/20130619/54376778827/apps-para-viajar.html},
	Year = {2013},
	Bdsk-Url-1 = {http://www.lavanguardia.com/estilos-de-vida/20130619/54376778827/apps-para-viajar.html}}

@webpage{celularDespertador,
	Date-Added = {2015-06-07 01:57:45 +0000},
	Date-Modified = {2015-06-07 02:01:22 +0000},
	Keywords = {M{\'o}viles, Sistemas Operativos, Mercado},
	Lastchecked = {07/06/2015},
	Month = {Marzo},
	Title = {ESTUDIO DE CONSUMO DE MEDIOS Y DISPOSITIVOS ENTRE INTERNAUTAS MEXICANOS | IAB MEXICO},
	Url = {http://www.iabmexico.com/consumo-medios-y-dispositivos-mexicanos},
	Urldate = {Marzo, 2015},
	Year = {2015},
	Bdsk-Url-1 = {http://www.iabmexico.com/consumo-medios-y-dispositivos-mexicanos}}